<record xmlns="http://www.openarchives.org/OAI/2.0/" xmlns:xsi="http://www.w3.org/2001/XMLSchema-instance"><header><identifier>oai:alma.34CSIC_INST:990012276600204201</identifier><datestamp>2020-02-06T08:41:03Z</datestamp><setSpec>manuscripta</setSpec></header><metadata><record xmlns="http://www.loc.gov/MARC21/slim" xmlns:xsi="http://www.w3.org/2001/XMLSchema-instance" xsi:schemaLocation="http://www.loc.gov/MARC21/slim http://www.loc.gov/standards/marcxml/schema/MARC21slim.xsd"><leader>05514ntm a2200673 i 4500</leader><controlfield tag="005">20181031100346.0</controlfield><controlfield tag="008">100406q14001500sp            000 0 ara d</controlfield><controlfield tag="001">990012276600204201</controlfield><datafield tag="035" ind1=" " ind2=" "><subfield code="a">CSIC001227660</subfield></datafield><datafield tag="035" ind1=" " ind2=" "><subfield code="a">(ES-MaCSI)001227660MAD01-Aleph</subfield></datafield><datafield tag="035" ind1=" " ind2=" "><subfield code="a">(OCoLC)1123895126
</subfield></datafield><datafield tag="040" ind1=" " ind2=" "><subfield code="a">ES-MaCSI</subfield><subfield code="b">spa</subfield></datafield><datafield tag="080" ind1=" " ind2=" "><subfield code="a">091(=411.21)</subfield></datafield><datafield tag="080" ind1=" " ind2=" "><subfield code="a">28</subfield></datafield><datafield tag="100" ind1="1" ind2=" "><subfield code="a">[جمال الدين ابو الفرج عبد الرحمن بن ابى الحسن بن على الجوزى]</subfield></datafield><datafield tag="245" ind1="1" ind2="0"><subfield code="a">كتاب سلوة الاحزان</subfield><subfield code="h">[Manuscrito]</subfield></datafield><datafield tag="260" ind1=" " ind2=" "><subfield code="a">[S.l.],</subfield><subfield code="c">[s.a.].</subfield></datafield><datafield tag="300" ind1=" " ind2=" "><subfield code="a">96 ff. (1 col. 21 líneas por pág.) :</subfield><subfield code="b">papel ;</subfield><subfield code="c">20,6x14 cm. (caja: 15,5x9,3 cm.).</subfield></datafield><datafield tag="490" ind1="0" ind2=" "><subfield code="a">Manuscripta</subfield></datafield><datafield tag="500" ind1=" " ind2=" "><subfield code="a">Incipit: ذِكْر بِنَاء الْكَعْبَةِ اوحى الله عز وجل الى ابرهيم لمبن لي بيتا فضا وبذلك</subfield></datafield><datafield tag="500" ind1=" " ind2=" "><subfield code="a">Explicit: يشعث ولا اغسل ثوبي الذى يلى جسدى حتى يتسخ</subfield></datafield><datafield tag="500" ind1=" " ind2=" "><subfield code="a">Tinta negra, con algunos epígrafes gruesos, otros rojos en los ff. 66-94.</subfield></datafield><datafield tag="500" ind1=" " ind2=" "><subfield code="a">Copista: Desconocido</subfield></datafield><datafield tag="500" ind1=" " ind2=" "><subfield code="a">Colofón: No.</subfield></datafield><datafield tag="500" ind1=" " ind2=" "><subfield code="a">Características especiales: No.</subfield></datafield><datafield tag="500" ind1=" " ind2=" "><subfield code="a">Ilustración: No.</subfield></datafield><datafield tag="500" ind1=" " ind2=" "><subfield code="a">Ilustraciones: No.</subfield></datafield><datafield tag="500" ind1=" " ind2=" "><subfield code="a">Deterioros generales: Sin encuadernación, muchas hojas y cuadernos sueltos. Sin portada.</subfield></datafield><datafield tag="500" ind1=" " ind2=" "><subfield code="a">El tít. consta en el explicit de la 1ª y 2ª parte del libro, folio 21 y 52.</subfield></datafield><datafield tag="500" ind1=" " ind2=" "><subfield code="a">1 copista desconocido.</subfield></datafield><datafield tag="500" ind1=" " ind2=" "><subfield code="a">Sin colofón</subfield></datafield><datafield tag="500" ind1=" " ind2=" "><subfield code="a">Tipo de cuaderno: 6 enteros (tres de 5 bifolios, uno de 6 bifolios, uno de 7, y uno de 4), 1 de 6 biff. al que le faltan dos ff. (12 y 13), 1 de 7 biff. al que le faltan dos ff. (64 y 65), 1 de 4 biff. al que le faltan dos ff.(66 y 73), 4 ff. sueltos.</subfield></datafield><datafield tag="500" ind1=" " ind2=" "><subfield code="a">H en blanco: f. 7r.</subfield></datafield><datafield tag="500" ind1=" " ind2=" "><subfield code="a">H sueltas: 1, 11, 20, 32, 33, 38, 39, 42, 76, 79, 80, 83, 138 y 139.</subfield></datafield><datafield tag="500" ind1=" " ind2=" "><subfield code="a">H faltan: 12, 13, 64, 65, 66, 73-75, 77, 78, 81, 82, 84-89, 98-114, 125-137.</subfield></datafield><datafield tag="500" ind1=" " ind2=" "><subfield code="a">Sin reclamos, ni signaturas de cuaderno, ni filigranas</subfield></datafield><datafield tag="500" ind1=" " ind2=" "><subfield code="a">Dos foliaciones: En tinta en el extremo superior derecho del verso (repetidos los números 34-39). Foliado del 1 al 139. A lápiz debajo de la anterior hasta el f. 20.</subfield></datafield><datafield tag="500" ind1=" " ind2=" "><subfield code="a">Reclamos: No.</subfield></datafield><datafield tag="500" ind1=" " ind2=" "><subfield code="a">Signatura de cuaderno: No.</subfield></datafield><datafield tag="500" ind1=" " ind2=" "><subfield code="a">Pautado: No se aprecia. Distancia interlineal: 0,8 cm.</subfield></datafield><datafield tag="500" ind1=" " ind2=" "><subfield code="a">Filigrana: No.</subfield></datafield><datafield tag="500" ind1=" " ind2=" "><subfield code="a">Signatura antigua: Junta 38</subfield></datafield><datafield tag="500" ind1=" " ind2=" "><subfield code="a">Anotaciones: Alguna anotación marginal.</subfield></datafield><datafield tag="510" ind1="3" ind2=" "><subfield code="a">Descripción: J. Ribera y M. Asín (dirs.), Manuscritos árabes y aljamiados de la biblioteca de la Junta : noticia y extractos, Madrid: Junta para la ampliación de Estudios e Investigaciones Científicas, 1912, pp. 141-148</subfield></datafield><datafield tag="510" ind1="4" ind2=" "><subfield code="a">Bibliografía: J. Ribera y M. Asín (dirs.), Manuscritos árabes y aljamiados de la biblioteca de la Junta : noticia y extractos, Madrid: Junta para la ampliación de Estudios e Investigaciones Científicas, 1912, pp. 141-148.</subfield></datafield><datafield tag="520" ind1="2" ind2=" "><subfield code="a">Copia incompleta de Salwat al-aḥzān bimā ruwiya ʽan ḏawi ʼl-ʽirfān, de Abū ʼl-Faḍā ʼil Gamāladdīn a. ʼl-Farrag ʽAr. b. a. ʼl-H. ,A. b. M. b. ʽO. b. al-Gauzī (510/1116-554/1159) (GAL, I, 659).</subfield></datafield><datafield tag="530" ind1=" " ind2=" "><subfield code="a">Mª del P. Martínez Olmo, Colección de manuscritos árabes y aljamiados de la Biblioteca del Instituto de Filología del CSIC, Instituto de Filología CSIC, Madrid, 1998 (4 Cd-Rom), CD 3.</subfield></datafield><datafield tag="541" ind1=" " ind2=" "><subfield code="a">Procedencia: Almonacid de la Sierra. Pablo Gil. Sección Árabe Centro de Estudios Históricos (JAE). Escuela de Estudios Árabes de Madrid. Instituto de Filología, CSIC.</subfield><subfield code="d">Ingreso: Junio de 1910</subfield></datafield><datafield tag="546" ind1=" " ind2=" "><subfield code="a">Árabe</subfield><subfield code="b">con escritura magrebí</subfield></datafield><datafield tag="563" ind1=" " ind2=" "><subfield code="a">No tiene. Resto de piel unido al lomo con una cuerda.</subfield></datafield><datafield tag="595" ind1=" " ind2=" "><subfield code="a">No.</subfield></datafield><datafield tag="650" ind1=" " ind2="7"><subfield code="a">Manuscritos árabes.</subfield><subfield code="2">CSICAU</subfield></datafield><datafield tag="650" ind1=" " ind2="7"><subfield code="a">Islam.</subfield><subfield code="2">CSICAU</subfield></datafield><datafield tag="650" ind1=" " ind2="7"><subfield code="a">Predicación.</subfield><subfield code="2">CSICAU</subfield></datafield><datafield tag="700" ind1="1" ind2=" "><subfield code="a">[Ŷamāl al-dīn Abū al-Faraŷ ʽAbd al-Raḥman b. Abī al-ḥasan b. ʽAlī al-Ŷūzaī]</subfield></datafield><datafield tag="740" ind1="0" ind2=" "><subfield code="a">Kitāb salwa al-iḥzān</subfield></datafield><datafield tag="830" ind1=" " ind2="0"><subfield code="a">Manuscripta</subfield></datafield><datafield tag="856" ind1="4" ind2="1"><subfield code="u">http://aleph.csic.es/imagenes/mad01/0006_PMSC/P_001227660_651207_V00.pdf</subfield><subfield code="z">Descargar Pdf completo (17M)</subfield><subfield code="m">CSIC</subfield></datafield><datafield tag="856" ind1="4" ind2="1"><subfield code="u">http://simurg.bibliotecas.csic.es/viewer/image/CSIC001227660/1/</subfield><subfield code="z">Ver texto completo en SIMURG, el portal de fondos digitalizados del CSIC</subfield><subfield code="m">CSIC</subfield></datafield><datafield tag="856" ind1="4" ind2="1"><subfield code="u">http://aleph.csic.es/imagenes/mad01/0006_PMSC/html/001227660.html</subfield><subfield code="z">Ver texto completo en Bookreader</subfield></datafield></record></metadata></record>